<collection xmlns="http://www.loc.gov/MARC21/slim"><record><leader>00810nam  2200253   450</leader><controlfield tag="001">106</controlfield><controlfield tag="003">http://montalegre.opacnet.com/OPAC/default.aspx?ContentAreaControl=ShowRegHoldings.ascx&amp;RegNo=16662</controlfield><controlfield tag="005">19</controlfield><datafield tag="021" ind1=" " ind2=" "><subfield code="a">PT</subfield><subfield code="b">14403/87</subfield></datafield><datafield tag="095" ind1=" " ind2=" "><subfield code="a">PTBN00108606</subfield></datafield><datafield tag="100" ind1=" " ind2=" "><subfield code="a">20061013d1987    m  y0pory0103    ba</subfield></datafield><datafield tag="101" ind1="1" ind2=" "><subfield code="a">por</subfield><subfield code="c">eng</subfield></datafield><datafield tag="102" ind1=" " ind2=" "><subfield code="a">PT</subfield></datafield><datafield tag="200" ind1="1" ind2=" "><subfield code="a">&lt;A &gt;missão</subfield><subfield code="f">Robert Bolt</subfield><subfield code="g">trad. Pilar Ramos</subfield></datafield><datafield tag="210" ind1=" " ind2=" "><subfield code="a">Mem Martins</subfield><subfield code="c">Europa-América</subfield><subfield code="d">D.L. 1987</subfield></datafield><datafield tag="215" ind1=" " ind2=" "><subfield code="a">234, [1] p.</subfield><subfield code="d">21 cm</subfield></datafield><datafield tag="225" ind1="2" ind2=" "><subfield code="a">Século XX</subfield><subfield code="v">279</subfield></datafield><datafield tag="304" ind1=" " ind2=" "><subfield code="a">Tít. orig.: The mission</subfield></datafield><datafield tag="675" ind1=" " ind2=" "><subfield code="a">821</subfield></datafield><datafield tag="700" ind1=" " ind2="1"><subfield code="a">Bolt</subfield><subfield code="b">Robert</subfield><subfield code="f">1924-1995</subfield><subfield code="3">15269</subfield></datafield><datafield tag="702" ind1=" " ind2="1"><subfield code="a">Mendonça</subfield><subfield code="b">Luís</subfield><subfield code="f">1937-</subfield><subfield code="3">279224</subfield><subfield code="4">550</subfield></datafield><datafield tag="702" ind1=" " ind2="1"><subfield code="a">Ramos</subfield><subfield code="b">Pilar</subfield><subfield code="4">730</subfield><subfield code="3">102766</subfield></datafield><datafield tag="801" ind1=" " ind2="0"><subfield code="a">PT</subfield><subfield code="b">Biblioteca Municipal de Montalegre</subfield><subfield code="g">RPC</subfield></datafield><datafield tag="856" ind1=" " ind2=" "><subfield code="u">locateMedia.asp?cod=20060509093429&amp;ext=jpg</subfield><subfield code="z">CAPA</subfield></datafield><datafield tag="909" ind1="&#9;" ind2=" "><subfield code="a">1</subfield></datafield><datafield tag="966" ind1=" " ind2=" "><subfield code="a">0016596</subfield><subfield code="l">BMM</subfield><subfield code="s">SCG 821 BOL mis 279</subfield></datafield></record></collection>